<?xml version="1.0" encoding="UTF-8"?><collection xmlns="http://www.loc.gov/MARC21/slim"><record><leader>00428nam--2200181-u-4500</leader><controlfield tag="001">000056104</controlfield><controlfield tag="002">20161230</controlfield><controlfield tag="005">20161230201052</controlfield><controlfield tag="008">141210s1000------------r-----000-0-rus-d</controlfield><datafield ind1=" " ind2=" " tag="040"><subfield code="a">IFIN-HH</subfield></datafield><datafield ind1=" " ind2=" " tag="041"><subfield code="a">rus</subfield></datafield><datafield ind1=" " ind2=" " tag="080"><subfield code="a">524.5</subfield></datafield><datafield ind1="1" ind2=" " tag="100"><subfield code="a">Bocekarev, N.G</subfield></datafield><datafield ind1="1" ind2="0" tag="245"><subfield code="a">Mestnaia mejzvezdnaia sreda</subfield><subfield code="c">N.c. bocekarev</subfield></datafield><datafield ind1=" " ind2=" " tag="260"><subfield code="a">Moskva</subfield><subfield code="b">Nauka</subfield><subfield code="c">1990</subfield></datafield><datafield ind1=" " ind2=" " tag="300"><subfield code="a">188P</subfield></datafield><datafield ind1=" " ind2=" " tag="852"><subfield code="a">79577</subfield><subfield code="c">523</subfield></datafield><datafield ind1=" " ind2=" " tag="CAT"><subfield code="a">Sys</subfield><subfield code="c">20141210</subfield><subfield code="h">124149</subfield></datafield></record></collection>